@article{SystemC,
  title={SystemC},
  author={{Accellera Systems Initiative} and others},
  journal={Online, December},
  year={2013}
}

@article{wiki,
    title={XTEA},
    url={https://it.wikipedia.org/wiki/XTEA}
}