@article{fmi,
  title={FMI for Model Exchange and Co-Simulation},
  author={{Modelica Association Project} “FMI”},
  year={2014}
}
